<record><leader>00000cas a22000007a 4500</leader><controlfield tag="001">21423113</controlfield><controlfield tag="008">900424d18701870nyudn ne      0    0eng d</controlfield><datafield ind1=" " ind2=" " tag="010"><subfield code="a">sn 90066040 </subfield></datafield><datafield ind1=" " ind2=" " tag="040"><subfield code="a">NYS</subfield><subfield code="b">eng</subfield><subfield code="c">NYS</subfield><subfield code="d">OCLCQ</subfield></datafield><datafield ind1=" " ind2=" " tag="042"><subfield code="a">msc</subfield></datafield><datafield ind1="0" ind2=" " tag="130"><subfield code="a">Ithaca daily journal (Ithaca, N.Y. : 1870)</subfield></datafield><datafield ind1="1" ind2="0" tag="245"><subfield code="a">Ithaca daily journal.</subfield></datafield><datafield ind1=" " ind2=" " tag="260"><subfield code="a">Ithaca, N.Y. :</subfield><subfield code="b">John H. Selkreg</subfield></datafield><datafield ind1=" " ind2=" " tag="300"><subfield code="a">v. ;</subfield><subfield code="c">48 cm.</subfield></datafield><datafield ind1=" " ind2=" " tag="310"><subfield code="a">Daily (except Sunday)</subfield></datafield><datafield ind1="0" ind2=" " tag="362"><subfield code="a">Vol. 1, no. 1 (June 27, 1870)-v. 1, no. 120 (Nov. 14, 1870).</subfield></datafield><datafield ind1=" " ind2=" " tag="580"><subfield code="a">Weekly ed: Ithaca journal (Ithaca, N.Y. : 1866).</subfield></datafield><datafield ind1=" " ind2="4" tag="651"><subfield code="a">Ithaca (N.Y.)</subfield><subfield code="v">Newspapers.</subfield></datafield><datafield ind1=" " ind2=" " tag="752"><subfield code="a">United States</subfield><subfield code="b">New York</subfield><subfield code="c">Tompkins</subfield><subfield code="d">Ithaca.</subfield></datafield><datafield ind1="1" ind2=" " tag="775"><subfield code="t">Ithaca journal (Ithaca, N.Y. : 1866)</subfield><subfield code="w">(DLC)sn 83031155</subfield><subfield code="w">(OCoLC)9807473</subfield></datafield><datafield ind1="1" ind2=" " tag="029"><subfield code="a">AU@</subfield><subfield code="b">000025862303</subfield></datafield></record>